<record><leader>00000cas a22000007a 4500</leader><controlfield tag="001">10170203</controlfield><controlfield tag="008">831129d18701871utuwr ne      0    0eng d</controlfield><datafield ind1=" " ind2=" " tag="010"><subfield code="a">sn 83021452 </subfield></datafield><datafield ind1=" " ind2=" " tag="040"><subfield code="a">NPX</subfield><subfield code="b">eng</subfield><subfield code="c">NPX</subfield><subfield code="d">UNP</subfield><subfield code="d">CNK</subfield><subfield code="d">OCLCG</subfield><subfield code="d">UBY</subfield><subfield code="d">OCLCQ</subfield><subfield code="d">OCLCF</subfield><subfield code="d">OCLCO</subfield></datafield><datafield ind1="1" ind2=" " tag="029"><subfield code="a">AU@</subfield><subfield code="b">000025803662</subfield></datafield><datafield ind1=" " ind2=" " tag="042"><subfield code="a">msc</subfield></datafield><datafield ind1=" " ind2=" " tag="043"><subfield code="a">n-us-ut</subfield></datafield><datafield ind1="0" ind2=" " tag="130"><subfield code="a">Salt Lake tribune (Salt Lake City, Utah : 1870)</subfield></datafield><datafield ind1="1" ind2="0" tag="245"><subfield code="a">Salt Lake tribune.</subfield></datafield><datafield ind1=" " ind2=" " tag="260"><subfield code="a">Salt Lake City, Utah :</subfield><subfield code="b">Godbe &amp; Harrison,</subfield><subfield code="c">1870-</subfield></datafield><datafield ind1=" " ind2=" " tag="300"><subfield code="a">v. ;</subfield><subfield code="c">54 cm.</subfield></datafield><datafield ind1=" " ind2=" " tag="310"><subfield code="a">Weekly</subfield></datafield><datafield ind1="0" ind2=" " tag="362"><subfield code="a">Vol. 2, no. 27 (July 2, 1870)-</subfield></datafield><datafield ind1="1" ind2=" " tag="362"><subfield code="a">Ceased in 1871.</subfield></datafield><datafield ind1=" " ind2=" " tag="500"><subfield code="a">Subtitle: Organ of the liberal cause in Utah devoted to mental liberty, social development, spiritual progress.</subfield></datafield><datafield ind1=" " ind2=" " tag="500"><subfield code="a">Extra issued on Aug. 20, 1870.</subfield></datafield><datafield ind1=" " ind2=" " tag="500"><subfield code="a">Editor: E.L.T. Harrison, 1870.</subfield></datafield><datafield ind1=" " ind2=" " tag="515"><subfield code="a">Continuous pagination within the volume.</subfield></datafield><datafield ind1=" " ind2=" " tag="525"><subfield code="a">Supplement with Aug. 10, 1870 issue.</subfield></datafield><datafield ind1=" " ind2=" " tag="550"><subfield code="a">Organ of the Reform Party in Utah.</subfield></datafield><datafield ind1=" " ind2="0" tag="651"><subfield code="a">Salt Lake City (Utah)</subfield><subfield code="v">Newspapers.</subfield></datafield><datafield ind1=" " ind2="7" tag="655"><subfield code="a">Newspapers.</subfield><subfield code="2">fast</subfield><subfield code="0">(OCoLC)fst01423814</subfield></datafield><datafield ind1=" " ind2="7" tag="651"><subfield code="a">Utah</subfield><subfield code="z">Salt Lake City.</subfield><subfield code="2">fast</subfield><subfield code="0">(OCoLC)fst01205314</subfield></datafield><datafield ind1="1" ind2=" " tag="700"><subfield code="a">Harrison, Elias L. T.,</subfield><subfield code="d">1830-1900.</subfield></datafield><datafield ind1="2" ind2=" " tag="710"><subfield code="a">Reform Party (Utah)</subfield></datafield><datafield ind1=" " ind2=" " tag="752"><subfield code="a">United States</subfield><subfield code="b">Utah</subfield><subfield code="c">Salt Lake</subfield><subfield code="d">Salt Lake City.</subfield></datafield><datafield ind1="0" ind2="0" tag="780"><subfield code="t">Mormon tribune</subfield><subfield code="w">(DLC)sn 83021451</subfield><subfield code="w">(OCoLC)10170006</subfield></datafield><datafield ind1="0" ind2="0" tag="785"><subfield code="t">Weekly Salt Lake tribune and Utah mining gazette</subfield><subfield code="w">(DLC)sn 84035869</subfield><subfield code="w">(OCoLC)11458538</subfield></datafield><datafield ind1=" " ind2=" " tag="936"><subfield code="a">1870 Aug. 20</subfield></datafield></record>